<?xml version="1.0" encoding="utf-8"?>
<record xmlns="http://www.loc.gov/MARC21/slim" xmlns:xsi="http://www.w3.org/2001/XMLSchema-instance" xsi:schemaLocation="http://www.loc.gov/MARC21/slim http://www.loc.gov/standards/marcxml/schema/MARC21slim.xsd">
	<leader>     nam a22     Mi 4500</leader>
	<controlfield tag="001">b13779230</controlfield>
	<controlfield tag="003">UaCaAUL</controlfield>
	<controlfield tag="006">m        d        </controlfield>
	<controlfield tag="007">cr cn |||m|||a</controlfield>
	<controlfield tag="008">191001s1912    ua ac   o     000 0 ara d</controlfield>
	<datafield ind1=" " ind2=" " tag="040">
		<subfield code="a">ZYU</subfield>
		<subfield code="b">ara</subfield>
		<subfield code="e">rda</subfield>
		<subfield code="c">ZYU</subfield>
	</datafield>
	<datafield ind1=" " ind2="4" tag="050">
		<subfield code="a">GN24</subfield>
		<subfield code="b">.Z3 1912</subfield>
	</datafield>
	<datafield ind1=" " ind2="4" tag="050">
		<subfield code="a">PR3765 .W53</subfield>
		<subfield code="b">.A71 1774</subfield>
	</datafield>
	<datafield ind1="1" ind2=" " tag="100">
		<subfield code="6">880-01</subfield>
		<subfield code="a">Zaydān, Jirjī,</subfield>
		<subfield code="d">1861-1914,</subfield>
		<subfield code="e">author.</subfield>
	</datafield>
	<datafield ind1="1" ind2="0" tag="245">
		<subfield code="6">880-02</subfield>
		<subfield code="a">Ṭabaqāt al-umam, aw, Al-salāʼil al-basharīyah :</subfield>
		<subfield code="b">huwa kitāb ʻilmī ṭabīʻī ijtimāʻī /</subfield>
		<subfield code="c">Jirjī Zaydān, munshiʼ al-Hilāl.</subfield>
	</datafield>
	<datafield ind1="1" ind2="0" tag="246">
		<subfield code="6">880-03</subfield>
		<subfield code="a">Salāʼil al-basharīyah</subfield>
	</datafield>
	<datafield ind1=" " ind2="1" tag="264">
		<subfield code="6">880-04</subfield>
		<subfield code="a">Miṣr :</subfield>
		<subfield code="b">Maṭbaʻat al-Hilāl bi-al-Fajjālah bi-Miṣr,</subfield>
		<subfield code="c">1912.</subfield>
	</datafield>
	<datafield ind1=" " ind2=" " tag="300">
		<subfield code="a">online resource (286 pages) :</subfield>
		<subfield code="b">illustrations, portraits</subfield>
	</datafield>
	<datafield ind1=" " ind2=" " tag="336">
		<subfield code="a">text</subfield>
		<subfield code="2">rdacontent</subfield>
	</datafield>
	<datafield ind1=" " ind2=" " tag="337">
		<subfield code="a">computer</subfield>
		<subfield code="2">rdamedia</subfield>
	</datafield>
	<datafield ind1=" " ind2=" " tag="338">
		<subfield code="a">online resource</subfield>
		<subfield code="2">rdacarrier</subfield>
	</datafield>
	<datafield ind1=" " ind2=" " tag="500">
		<subfield code="a">Part of the Arabic Collections Online (ACO) project, contributed by American University in Cairo Library.</subfield>
	</datafield>
	<datafield ind1=" " ind2=" " tag="520">
		<subfield code="6">880-05</subfield>
		<subfield code="a">Yabḥath fī uṣūl al-salāʼil al-basharīyah wa-kayfa nashaʼat wa-tafarraʻat ilá ṭabaqāt wa-intasharat fī al-arḍ, wa-mā tuqassam ilayhi kull ṭabaqah min al-umam, aw, al-qabāʼil, wa-khaṣāʼiṣ kull ummah: al-badanīyah wa-al-ʻaqlīyah wa-al-adabīyah, wa-manshaʼuhā wa-dār hijratuhā wa-maqarruhā al-ān wa-ʻādātuhā wa-akhlāquhā wa-ādābuhā wa-adyānuhā wa-sāʼir aḥwāluhā.</subfield>
	</datafield>
	<datafield ind1=" " ind2=" " tag="533">
		<subfield code="a">Electronic reproduction.</subfield>
		<subfield code="b">New York, N.Y. :</subfield>
		<subfield code="c">New York University,</subfield>
		<subfield code="d">2019.</subfield>
		<subfield code="5">NNU</subfield>
	</datafield>
	<datafield ind1=" " ind2="0" tag="650">
		<subfield code="a">Anthropology.</subfield>
	</datafield>
	<datafield ind1=" " ind2="0" tag="650">
		<subfield code="a">Human beings.</subfield>
	</datafield>
	<datafield ind1=" " ind2="7" tag="650">
		<subfield code="a">Anthropology.</subfield>
		<subfield code="2">fast</subfield>
		<subfield code="0">(OCoLC)fst00810196</subfield>
	</datafield>
	<datafield ind1=" " ind2="7" tag="650">
		<subfield code="a">Human beings.</subfield>
		<subfield code="2">fast</subfield>
		<subfield code="0">(OCoLC)fst00962832</subfield>
	</datafield>
	<datafield ind1="2" ind2=" " tag="710">
		<subfield code="a">American University in Cairo.</subfield>
		<subfield code="b">Library.</subfield>
	</datafield>
	<datafield ind1="0" ind2=" " tag="730">
		<subfield code="a">Arabic Collections Online.</subfield>
	</datafield>
	<datafield ind1="0" ind2="8" tag="776">
		<subfield code="i">Online version:</subfield>
		<subfield code="a">Zaydān, Jirjī, 1861-1914.</subfield>
		<subfield code="t">Ṭabaqāt al-umam, aw, Al-salāʼil al-basharīyah.</subfield>
		<subfield code="d">[al-Qāhirah] : Maṭbaʻat al-Hilāl, 1912</subfield>
		<subfield code="w">(OCoLC)875157045</subfield>
	</datafield>
	<datafield ind1="0" ind2="8" tag="776">
		<subfield code="i">Print version:</subfield>
		<subfield code="a">Zaydān, Jirjī, 1861-1914, author.</subfield>
		<subfield code="t">Ṭabaqāt al-umam, aw, Al-salāʼil al-basharīyah</subfield>
		<subfield code="w">(UaCaAUL)b13779230</subfield>
		<subfield code="w">(DLC)ne 64003199 </subfield>
		<subfield code="w">(OCoLC)43174333</subfield>
	</datafield>
	<datafield ind1="4" ind2="0" tag="856">
		<subfield code="u">http://hdl.handle.net/2333.1/mcvdnnfz</subfield>
	</datafield>
	<datafield ind1="1" ind2=" " tag="880">
		<subfield code="6">100-01</subfield>
		<subfield code="a">زيدان، جرجي،</subfield>
		<subfield code="d">1861-1914،</subfield>
		<subfield code="e">author.</subfield>
	</datafield>
	<datafield ind1="1" ind2="0" tag="880">
		<subfield code="6">245-02</subfield>
		<subfield code="a">طبقات الأمم، او، السلائل البشرية :</subfield>
		<subfield code="b">هو كتاب علمي طبيعي اجتماعي /</subfield>
		<subfield code="c">جرجي زيدان، منشئ الهلال.</subfield>
	</datafield>
	<datafield ind1="1" ind2="0" tag="880">
		<subfield code="6">246-03</subfield>
		<subfield code="a">سلائل البشرية</subfield>
	</datafield>
	<datafield ind1=" " ind2="1" tag="880">
		<subfield code="6">264-04</subfield>
		<subfield code="a">مصر :</subfield>
		<subfield code="b">مطبعة الهلال بالفجالة بمصر،</subfield>
		<subfield code="c">1912.</subfield>
	</datafield>
	<datafield ind1=" " ind2=" " tag="880">
		<subfield code="6">520-05</subfield>
		<subfield code="a">يبحث في اصول السلائل البشرية وكيف نشأت وتفرعت الى طبقات وانتشرت في الارض، وما تقسم اليه كل طبقة من الامم، او، القبائل، وخصائص كل امه: البدنية والعقلية والادبية، ومنشأها ودار هجرتها ومقرها الآن وعاداتها واخلاقها وآدابها واديانها وسائر احوالها.</subfield>
	</datafield>
	<datafield ind1=" " ind2=" " tag="959">
		<subfield code="a">NNU</subfield>
		<subfield code="b">WEB</subfield>
		<subfield code="c">GENI</subfield>
		<subfield code="t">0</subfield>
		<subfield code="m">Electronic access</subfield>
		<subfield code="s">01</subfield>
	</datafield>
	<datafield ind1=" " ind2=" " tag="999">
		<subfield code="i">UaCaAUL_b13779230</subfield>
		<subfield code="o">(OCoLC)ocm43174333 </subfield>
		<subfield code="s">auc_aco000642</subfield>
	</datafield>
</record>
